@article{hagiang,
    author        = {Truong Ha Giang},
    title         = {Tim hieu, thiet ke va thi cong mo hinh nha thong minh Smart Home},
    year          = {2017},
}

@article{tuananh,
    author        = {Tran Xuan Tuan Anh},
    title         = {Thiet ke mo hinh I-Home},
    year          = {2016},
}
 
@online{facerecognition,
    author        = {Kelvin Salton do Prado},
    title         = {Face Recognition: Understanding LBPH Algorithm},
    year          = {2017},
    url           = {https://towardsdatascience.com/face-recognition-how-lbph-works-90ec258c3d6b}
}
 
@online{opencv,
    author        = {OpenCV Doc},
    title         = {Face Recognition with OpenCV},
    year          = {1999},
    url           = {https://docs.opencv.org/2.4/modules/contrib/doc/facerec/facerec_tutorial.html#id27}
}

@online{motion,
    author        = {Will Boyd},
    title         = {MOTION DETECTION WITH JAVASCRIPT},
    year          = {2016},
    url           = {https://codersblock.com/blog/motion-detection-with-javascript/}
}

@online{mosca,
    author        = {Alif Abdullah},
    title         = {Setting up private MQTT broker using Mosca in Node.js},
    year          = {2016},
    url           = {https://medium.com/@alifabdullah/setting-up-private-mqtt-broker-using-mosca-in-node-js-c61a3c74f952}
}

@online{face1,
    author        = {Divyansh Dwivedi},
    title         = {Face Recognition for Beginners},
    year          = {2018},
    url           = {https://towardsdatascience.com/face-recognition-for-beginners-a7a9bd5eb5c2}
}
